@article{ormondroyd1928theory,
  title = {The theory of the dynamic vibration absorber},
  author = {Ormondroyd, J and Den Hartog, JP},
  journal = {Journal of Fluids Engineering},
  volume = {49},
  number = {2},
  year = {1928},
  publisher = {American Society of Mechanical Engineers Digital Collection},
}

@article{bishop1952problem,
  title = {The problem of the dynamic vibration absorber},
  author = {Bishop, RED and Welbourn, DB},
  journal = {Engineering, London},
  volume = {174},
  pages = {769},
  year = {1952},
}

@article{frahm1911device,
  title = {Device for damping vibrations of bodies.},
  author = {Frahm, Hermann},
  year = {1911},
  publisher = {Google Patents},
}

@book{den1985mechanical,
  title = {Mechanical vibrations},
  author = {Den Hartog, Jacob Pieter},
  year = {1985},
  publisher = {Courier Corporation},
}

@article{brock1946note,
  title = {A note on the damped vibration absorber},
  author = {Brock, John E},
  year = {1946},
  publisher = {American Society of Mechanical Engineers},
}

@article{carter1961steady,
  title = {Steady-state behavior of nonlinear dynamic vibration absorber},
  author = {Carter, WJ and Liu, FC},
  year = {1961},
}

@article{thompson1981optimum,
  title = {Optimum tuning and damping of a dynamic vibration absorber applied to a force excited and damped primary system},
  author = {Thompson, AG},
  journal = {Journal of Sound and Vibration},
  volume = {77},
  number = {3},
  pages = {403--415},
  year = {1981},
  publisher = {Elsevier},
}

@article{nishihara2002closed,
  title = {Closed-form solutions to the exact optimizations of dynamic vibration absorbers (minimizations of the maximum amplitude magnification factors)},
  author = {Nishihara, Osamu and Asami, Toshihiko},
  journal = {J. Vib. Acoust.},
  volume = {124},
  number = {4},
  pages = {576--582},
  year = {2002},
}

@article{falcon1967optimization,
  title = {Optimization of vibration absorbers: a graphical method for use on idealized systems with restricted damping},
  author = {Falcon, KC and Stone, BJ and Simcock, WD and Andrew, C},
  journal = {Journal of Mechanical Engineering Science},
  volume = {9},
  number = {5},
  pages = {374--381},
  year = {1967},
  publisher = {SAGE Publications Sage UK: London, England},
}

@article{igusa1994vibration,
  title = {Vibration control using multiple tuned mass dampers},
  author = {Igusa, Takeru and Xu, Kangming},
  journal = {Journal of sound and vibration},
  volume = {175},
  number = {4},
  pages = {491--503},
  year = {1994},
  publisher = {Elsevier},
}

@inproceedings{clark1988multiple,
  title = {Multiple passive tuned mass dampers for reducing earthquake induced building motion},
  author = {Clark, Allen J and others},
  booktitle = {Proceedings of the 9th world conference on earthquake engineering},
  volume = {5},
  pages = {779--784},
  year = {1988},
}

@article{sadek1997method,
  title = {A method of estimating the parameters of tuned mass dampers for seismic applications},
  author = {Sadek, Fahim and Mohraz, Bijan and Taylor, Andrew W and Chung, Riley M},
  journal = {Earthquake Engineering \& Structural Dynamics},
  volume = {26},
  number = {6},
  pages = {617--635},
  year = {1997},
  publisher = {Wiley Online Library},
}

@article{tsai1993optimum,
  title = {Optimum tuned-mass dampers for minimizing steady-state response of support-excited and damped systems},
  author = {Tsai, Hsiang-Chuan and Lin, Guan-Cheng},
  journal = {Earthquake engineering \& structural dynamics},
  volume = {22},
  number = {11},
  pages = {957--973},
  year = {1993},
  publisher = {Wiley Online Library},
}

@article{asami2002h,
  title = {H 2 optimization of the three-element type dynamic vibration absorbers},
  author = {Asami, Toshihiko and Nishihara, Osamu},
  journal = {J. Vib. Acoust.},
  volume = {124},
  number = {4},
  pages = {583--592},
  year = {2002},
}

@article{asami2002analytical,
  title = {Analytical solutions to H∞ and H 2 optimization of dynamic vibration absorbers attached to damped linear systems},
  author = {Asami, Toshihiko and Nishihara, Osamu and Baz, Amr M},
  journal = {J. Vib. Acoust.},
  volume = {124},
  number = {2},
  pages = {284--295},
  year = {2002},
}

@article{saeed2023review,
  title = {A review on nonlinear energy sinks: designs, analysis and applications of impact and rotary types},
  author = {Saeed, Adnan S and Abdul Nasar, Rafath and AL-Shudeifat, Mohammad A},
  journal = {Nonlinear Dynamics},
  volume = {111},
  number = {1},
  pages = {1--37},
  year = {2023},
  publisher = {Springer},
}

@article{sun2018bi,
  title = {Bi-directional vibration control of offshore wind turbines using a 3D pendulum tuned mass damper},
  author = {Sun, Chao and Jahangiri, VJMS},
  journal = {Mechanical Systems and Signal Processing},
  volume = {105},
  pages = {338--360},
  year = {2018},
  publisher = {Elsevier},
}

@article{xu2021exploration,
  title = {Exploration of the nonlinear effect of pendulum tuned mass dampers on vibration control},
  author = {Xu, Kai and Hua, Xugang and Lacarbonara, Walter and Huang, Zhiwen and Chen, Zhengqing},
  journal = {Journal of Engineering Mechanics},
  volume = {147},
  number = {8},
  pages = {04021047},
  year = {2021},
  publisher = {American Society of Civil Engineers},
}

@article{xiang2017seismic,
  title = {Seismic vibration and damage control of high-rise structures with the implementation of a pendulum-type nontraditional tuned mass damper},
  author = {Xiang, Ping and Nishitani, Akira and Wu, Minger},
  journal = {Structural Control and Health Monitoring},
  volume = {24},
  number = {12},
  pages = {e2022},
  year = {2017},
  publisher = {Wiley Online Library},
}

@article{viet2014nonlinear,
  title = {On a nonlinear single-mass two-frequency pendulum tuned mass damper to reduce horizontal vibration},
  author = {Viet, LD and Nghi, NB},
  journal = {Engineering Structures},
  volume = {81},
  pages = {175--180},
  year = {2014},
  publisher = {Elsevier},
}

@article{vyas2001dynamics,
  title = {Dynamics of autoparametric vibration absorbers using multiple pendulums},
  author = {Vyas, A and Bajaj, AK},
  journal = {Journal of sound and vibration},
  volume = {246},
  number = {1},
  pages = {115--135},
  year = {2001},
  publisher = {Elsevier},
}

@article{wang2019modeling,
  title = {Modeling, simulation, and validation of a pendulum-pounding tuned mass damper for vibration control},
  author = {Wang, Wenxi and Hua, Xugang and Chen, Zhengqing and Wang, Xiuyong and Song, Gangbing},
  journal = {Structural Control and Health Monitoring},
  volume = {26},
  number = {4},
  pages = {e2326},
  year = {2019},
  publisher = {Wiley Online Library},
}

@article{wang2018vibration,
  title = {Vibration control of vortex-induced vibrations of a bridge deck by a single-side pounding tuned mass damper},
  author = {Wang, Wenxi and Wang, Xiuyong and Hua, Xugang and Song, Gangbing and Chen, Zhengqing},
  journal = {Engineering Structures},
  volume = {173},
  pages = {61--75},
  year = {2018},
  publisher = {Elsevier},
}

@article{lee2007real,
  title = {Real-time hybrid shaking table testing method for the performance evaluation of a tuned liquid damper controlling seismic response of building structures},
  author = {Lee, Sung-Kyung and Park, Eun Churn and Min, Kyung-Won and Lee, Sang-Hyun and Chung, Lan and Park, Ji-Hun},
  journal = {Journal of Sound and Vibration},
  volume = {302},
  number = {3},
  pages = {596--612},
  year = {2007},
  publisher = {Elsevier},
}

@article{lee2012experimental,
  title = {Experimental verification on nonlinear dynamic characteristic of a tuned liquid column damper subjected to various excitation amplitudes},
  author = {Lee, Sung-Kyung and Lee, Hye-Ri and Min, Kyung-Won},
  journal = {The Structural Design of Tall and Special Buildings},
  volume = {21},
  number = {5},
  pages = {374--388},
  year = {2012},
  publisher = {Wiley Online Library},
}

@article{sun1995properties,
  title = {The properties of tuned liquid dampers using a TMD analogy},
  author = {Sun, LM and Fujino, Y and Chaiseri, P and Pacheco, BM},
  journal = {Earthquake engineering \& structural dynamics},
  volume = {24},
  number = {7},
  pages = {967--976},
  year = {1995},
  publisher = {Wiley Online Library},
}

@article{zhang2022understanding,
  title = {Understanding and exploiting the nonlinear behavior of tuned liquid dampers (TLDs) for structural vibration control by means of a nonlinear reduced-order model (ROM)},
  author = {Zhang, Zili},
  journal = {Engineering Structures},
  volume = {251},
  pages = {113524},
  year = {2022},
  publisher = {Elsevier},
}

@article{kashani2018numerical,
  title = {A numerical study of tuned liquid damper based on incompressible SPH method combined with TMD analogy},
  author = {Kashani, Armin Hajighasem and Halabian, Amir Mahdi and Asghari, Keyvan},
  journal = {Journal of Fluids and Structures},
  volume = {82},
  pages = {394--411},
  year = {2018},
  publisher = {Elsevier},
}

@article{frandsen2005numerical,
  title = {Numerical predictions of tuned liquid tank structural systems},
  author = {Frandsen, JB},
  journal = {Journal of Fluids and Structures},
  volume = {20},
  number = {3},
  pages = {309--329},
  year = {2005},
  publisher = {Elsevier},
}

@article{zhang2015nonlinear,
  title = {Nonlinear modeling of tuned liquid dampers (TLDs) in rotating wind turbine blades for damping edgewise vibrations},
  author = {Zhang, Zili and Nielsen, S{\o}ren RK and Basu, Biswajit and Li, Jie},
  journal = {Journal of Fluids and Structures},
  volume = {59},
  pages = {252--269},
  year = {2015},
  publisher = {Elsevier},
}

@article{vellar2019robust,
  title = {Robust optimum design of multiple tuned mass dampers for vibration control in buildings subjected to seismic excitation},
  author = {Vellar, Luciara Silva and Ontiveros-P{\'e}rez, Sergio Pastor and Miguel, Let{\'\i}cia Fleck Fadel and Fadel Miguel, Leandro Fleck},
  journal = {Shock and Vibration},
  volume = {2019},
  number = {1},
  pages = {9273714},
  year = {2019},
  publisher = {Wiley Online Library},
}

@article{akhlagh2024seismic,
  title = {Seismic control of tall buildings using vertically distributed multiple tuned mass dampers},
  author = {Akhlagh Pasand, Ali and Zahrai, Seyed Mehdi},
  journal = {The Structural Design of Tall and Special Buildings},
  volume = {33},
  number = {14},
  pages = {e2123},
  year = {2024},
  publisher = {Wiley Online Library},
}

@article{chen2022performance,
  title = {Performance evaluation of multiple tuned inerter-based dampers for seismic induced structural vibration control},
  author = {Chen, Huating and Bi, Kaiming and Liu, Yanhui and Tan, Ping},
  journal = {Structural Control and Health Monitoring},
  volume = {29},
  number = {1},
  pages = {e2860},
  year = {2022},
  publisher = {Wiley Online Library},
}

@article{nouh2014vibration,
  title = {Vibration characteristics of metamaterial beams with periodic local resonances},
  author = {Nouh, M and Aldraihem, O and Baz, A},
  journal = {Journal of Vibration and Acoustics},
  volume = {136},
  number = {6},
  pages = {061012},
  year = {2014},
  publisher = {American Society of Mechanical Engineers},
}

@article{aladwani2020mechanics,
  title = {Mechanics of metadamping in flexural dissipative metamaterials: analysis and design in frequency and time domains},
  author = {Aladwani, A and Nouh, M},
  journal = {International journal of mechanical sciences},
  volume = {173},
  pages = {105459},
  year = {2020},
  publisher = {Elsevier},
}

@article{pai2014acoustic,
  title = {Acoustic metamaterial beams based on multi-frequency vibration absorbers},
  author = {Pai, P Frank and Peng, Hao and Jiang, Shuyi},
  journal = {International Journal of Mechanical Sciences},
  volume = {79},
  pages = {195--205},
  year = {2014},
  publisher = {Elsevier},
}

@phdthesis{chavan2023programming,
  title = {Programming the Bistable Dynamic Vibration Absorbers of a 1D-Metastructure for Adaptive Broadband Vibration Absorption},
  author = {Chavan, Shantanu H},
  year = {2023},
}

@article{zuo2005optimization,
  title = {Optimization of the individual stiffness and damping parameters in multiple-tuned-mass-damper systems},
  author = {Zuo, Lei and Nayfeh, Samir A},
  journal = {J. Vib. Acoust.},
  volume = {127},
  number = {1},
  pages = {77--83},
  year = {2005},
}

@article{yang2015optimal,
  title = {Optimal design of distributed tuned mass dampers for passive vibration control of structures},
  author = {Yang, Fan and Sedaghati, Ramin and Esmailzadeh, Ebrahim},
  journal = {Structural Control and Health Monitoring},
  volume = {22},
  number = {2},
  pages = {221--236},
  year = {2015},
  publisher = {Wiley Online Library},
}

@article{chun2015h,
  title = {H∞ optimization of dynamic vibration absorber variant for vibration control of damped linear systems},
  author = {Chun, Semin and Lee, Youngil and Kim, Tae-Hyoung},
  journal = {journal of sound and vibration},
  volume = {335},
  pages = {55--65},
  year = {2015},
  publisher = {Elsevier},
}

@inproceedings{mayer2010approaches,
  title = {Approaches for distributed active and passive vibration compensation},
  author = {Mayer, Dirk and Herold, Sven and Kauba, Michael and Koch, Thorsten},
  booktitle = {Proceedings of ISMA},
  volume = {24},
  number = {20},
  pages = {22--09},
  year = {2010},
}

@article{koutsoloukas2022passive,
  title = {Passive, semi-active, active and hybrid mass dampers: A literature review with associated applications on building-like structures},
  author = {Koutsoloukas, Lefteris and Nikitas, Nikolaos and Aristidou, Petros},
  journal = {Developments in the Built Environment},
  volume = {12},
  pages = {100094},
  year = {2022},
  publisher = {Elsevier},
}

@article{vakakis2001inducing,
  title = {Inducing passive nonlinear energy sinks in vibrating systems},
  author = {Vakakis, Alexander F},
  journal = {J. Vib. Acoust.},
  volume = {123},
  number = {3},
  pages = {324--332},
  year = {2001},
}

@article{wang2016numerical,
  title = {Numerical and experimental study of the performance of a single-sided vibro-impact track nonlinear energy sink},
  author = {Wang, Jingjing and Wierschem, Nicholas and Spencer Jr, Billie F and Lu, Xilin},
  journal = {Earthquake Engineering \& Structural Dynamics},
  volume = {45},
  number = {4},
  pages = {635--652},
  year = {2016},
  publisher = {Wiley Online Library},
}

@article{li2025effectiveness,
  title = {Effectiveness of vibro-impact nonlinear energy sinks for vibration suppression of beams under traveling loads},
  author = {Li, Haiqin and Li, Shaohua and Zhang, Zhiyong and Xiong, Huai and Ding, Qian},
  journal = {Mechanical Systems and Signal Processing},
  volume = {223},
  pages = {111861},
  year = {2025},
  publisher = {Elsevier},
}

@article{li2024irreversible,
  title = {Irreversible energy transfers in systems with particle impact dampers},
  author = {Li, Xiang and Mojahed, Alireza and Wang, Chongan and Chen, Li-Qun and Bergman, Lawrence A and Vakakis, Alexander F},
  journal = {Nonlinear Dynamics},
  volume = {112},
  number = {1},
  pages = {35--58},
  year = {2024},
  publisher = {Springer},
}

@article{yao2019tri,
  title = {A tri-stable nonlinear energy sink with piecewise stiffness},
  author = {Yao, Hongliang and Cao, Yanbo and Wang, Yuwei and Wen, Bangchun},
  journal = {Journal of Sound and Vibration},
  volume = {463},
  pages = {114971},
  year = {2019},
  publisher = {Elsevier},
}

@article{yao2020multi,
  title = {Multi-stable nonlinear energy sink for rotor system},
  author = {Yao, Hongliang and Wang, Yuwei and Cao, Yanbo and Wen, Bangchun},
  journal = {International Journal of Non-Linear Mechanics},
  volume = {118},
  pages = {103273},
  year = {2020},
  publisher = {Elsevier},
}

@article{zhang2017piezoelectric,
  title = {Piezoelectric energy harvesting with a nonlinear energy sink},
  author = {Zhang, Yu and Tang, Lihua and Liu, Kefu},
  journal = {Journal of Intelligent Material Systems and Structures},
  volume = {28},
  number = {3},
  pages = {307--322},
  year = {2017},
  publisher = {Sage Publications Sage UK: London, England},
}

@article{bab2017vibration,
  title = {Vibration mitigation of a rotating beam under external periodic force using a nonlinear energy sink (NES)},
  author = {Bab, S and Khadem, SE and Mahdiabadi, MK and Shahgholi, M},
  journal = {Journal of Vibration and Control},
  volume = {23},
  number = {6},
  pages = {1001--1025},
  year = {2017},
  publisher = {SAGE Publications Sage UK: London, England},
}

@article{jia2020review,
  title = {Review of nonlinear vibration energy harvesting: Duffing, bistability, parametric, stochastic and others},
  author = {Jia, Yu},
  journal = {Journal of intelligent material systems and structures},
  volume = {31},
  number = {7},
  pages = {921--944},
  year = {2020},
  publisher = {SAGE Publications Sage UK: London, England},
}

@article{zoka2019double,
  title = {Double stiffness vibration suppressor and energy harvester: an experimental study},
  author = {Zoka, Hooman and Afsharfard, Aref},
  journal = {Mechanical Systems and Signal Processing},
  volume = {121},
  pages = {1--13},
  year = {2019},
  publisher = {Elsevier},
}

@book{wierschem2014targeted,
  title = {Targeted energy transfer using nonlinear energy sinks for the attenuation of transient loads on building structures},
  author = {Wierschem, Nicholas Edward},
  year = {2014},
  publisher = {University of Illinois at Urbana-Champaign},
}

@article{wierschem2014experimental,
  title = {Experimental testing and numerical simulation of a six-story structure incorporating two-degree-of-freedom nonlinear energy sink},
  author = {Wierschem, Nicholas E and Luo, Jie and Al-Shudeifat, Mohammad and Hubbard, Sean and Ott, Richard and Fahnestock, Larry A and Quinn, D Dane and McFarland, D Michael and Spencer Jr, BF and Vakakis, Alexander and others},
  journal = {Journal of Structural Engineering},
  volume = {140},
  number = {6},
  pages = {04014027},
  year = {2014},
  publisher = {American Society of Civil Engineers},
}

@article{habib2019impulsive,
  title = {Impulsive vibration mitigation through a nonlinear tuned vibration absorber},
  author = {Habib, Giuseppe and K{\'a}d{\'a}r, Fanni and Papp, B{\'a}lint},
  journal = {Nonlinear Dynamics},
  volume = {98},
  pages = {2115--2130},
  year = {2019},
  publisher = {Springer},
}

@article{habib2021tracking,
  title = {Tracking modal interactions in nonlinear energy sink dynamics via high-dimensional invariant manifold},
  author = {Habib, Giuseppe and Romeo, Francesco},
  journal = {Nonlinear Dynamics},
  volume = {103},
  number = {4},
  pages = {3187--3208},
  year = {2021},
  publisher = {Springer},
}

@article{georgiades2009passive,
  title = {Passive targeted energy transfers and strong modal interactions in the dynamics of a thin plate with strongly nonlinear attachments},
  author = {Georgiades, Fotios and Vakakis, Alexander F},
  journal = {International Journal of Solids and Structures},
  volume = {46},
  number = {11-12},
  pages = {2330--2353},
  year = {2009},
  publisher = {Elsevier},
}

@article{georgiades2007broadband,
  title = {Broadband passive targeted energy pumping from a linear dispersive rod to a lightweight essentially non-linear end attachment},
  author = {Georgiades, Fotios and Vakakis, Alexander F and Kerschen, Gaetan},
  journal = {International Journal of Non-Linear Mechanics},
  volume = {42},
  number = {5},
  pages = {773--788},
  year = {2007},
  publisher = {Elsevier},
}

@article{quinn2013effective,
  title = {Effective Stiffening and Damping Enhancement of Structures With Strongly Nonlinear Local Attachments.”},
  author = {Quinn, D Dane and Vakakis, Alexander F and Bergman, Lawrence A},
  year = {2013},
}

@article{kecik2022nonlinear,
  title = {Nonlinear dynamics and energy recovery of a vibration absorber/harvester system with an adaptive suspension},
  author = {Kecik, Krzysztof},
  journal = {Journal of Vibration Engineering \& Technologies},
  volume = {10},
  number = {6},
  pages = {2241--2250},
  year = {2022},
  publisher = {Springer},
}

@article{vakakis2022nonlinear,
  title = {Nonlinear targeted energy transfer: state of the art and new perspectives},
  author = {Vakakis, Alexander F and Gendelman, Oleg V and Bergman, Lawrence A and Mojahed, Alireza and Gzal, Majdi},
  journal = {Nonlinear Dynamics},
  volume = {108},
  number = {2},
  pages = {711--741},
  year = {2022},
  publisher = {Springer},
}

@article{raze2020multimodal,
  title = {Multimodal vibration damping of nonlinear structures using multiple nonlinear absorbers},
  author = {Raze, Ghislain and Kerschen, Ga{\"e}tan},
  journal = {International Journal of Non-Linear Mechanics},
  volume = {119},
  pages = {103308},
  year = {2020},
  publisher = {Elsevier},
}

@article{gzal2024enhanced,
  title = {Enhanced seismic mitigation through energy management using nonlinear energy sinks with clearance--contacts},
  author = {Gzal, Majdi O and Gendelman, Oleg V and Bergman, Lawrence A and Vakakis, Alexander F},
  journal = {Nonlinear Dynamics},
  pages = {1--22},
  year = {2024},
  publisher = {Springer},
}

@article{yang2022research,
  title = {Research on dynamic characteristics of joint of RC frame structure with NES},
  author = {Yang, Haixu and Yang, Baolei and Wang, Haibiao and Zhang, Maohua and Ni, Songyuan},
  journal = {Sustainability},
  volume = {14},
  number = {18},
  pages = {11229},
  year = {2022},
  publisher = {MDPI},
}

@article{guo2025vibration,
  title = {Vibration suppression performance of parallel magnetic nonlinear energy sinks under impulse excitations},
  author = {Guo, Muxuan and Tang, Lihua and Mace, Brian and Inman, Daniel J},
  journal = {Mechanical Systems and Signal Processing},
  volume = {222},
  pages = {111810},
  year = {2025},
  publisher = {Elsevier},
}

@article{treacy2024irrational,
  title = {Irrational Nonlinearity Enhances the Targeted Energy Transfer in a Rotary Nonlinear Energy Sink},
  author = {Treacy, Collin and Stein, Dalton and Chelidze, David},
  journal = {Journal of Computational and Nonlinear Dynamics},
  volume = {19},
  number = {6},
  year = {2024},
  publisher = {American Society of Mechanical Engineers Digital Collection},
}

@article{lizunov2024comparison,
  title = {Comparison of the performance and dynamics of the asymmetric single-sided and symmetric double-sided vibro-impact nonlinear energy sinks with optimized designs},
  author = {Lizunov, Petro and Pogorelova, Olga and Postnikova, Tetyana},
  journal = {International Journal of Mechanical System Dynamics},
  volume = {4},
  number = {3},
  pages = {303--316},
  year = {2024},
  publisher = {Wiley Online Library},
}

@article{al2021comparison,
  title = {Comparison of a modified vibro-impact nonlinear energy sink with other kinds of NESs},
  author = {AL-Shudeifat, Mohammad A and Saeed, Adnan S},
  journal = {Meccanica},
  volume = {56},
  pages = {735--752},
  year = {2021},
  publisher = {Springer},
}

@phdthesis{wu2022improved,
  title = {Improved design of nonlinear energy sink: application to passive vibration control},
  author = {Wu, Zhenhang},
  year = {2022},
}

@article{lu2024hybrid,
  title = {A hybrid linear dynamic absorber and nonlinear energy sink for broadband absorption of a circular ring},
  author = {Lu, Ze-Qi and Chen, Xing-Yu and Tan, Dong-Dong and Zhang, Fei-Yang and Ding, Hu and Chen, Li-Qun},
  journal = {Nonlinear Dynamics},
  volume = {112},
  number = {2},
  pages = {903--923},
  year = {2024},
  publisher = {Springer},
}

@article{geng2024state,
  title = {A state-of-the-art review on the dynamic design of nonlinear energy sinks},
  author = {Geng, Xiao-Feng and Ding, Hu and Ji, Jin-Chen and Wei, Ke-Xiang and Jing, Xing-Jian and Chen, Li-Qun},
  journal = {Engineering Structures},
  volume = {313},
  pages = {118228},
  year = {2024},
  publisher = {Elsevier},
}

@article{parseh2015performance,
  title = {Performance comparison of nonlinear energy sink and linear tuned mass damper in steady-state dynamics of a linear beam},
  author = {Parseh, Masoumeh and Dardel, Morteza and Ghasemi, Mohammad Hassan},
  journal = {Nonlinear Dynamics},
  volume = {81},
  pages = {1981--2002},
  year = {2015},
  publisher = {Springer},
}

@article{zheng2023h,
  title = {H∞ optimization of cubic stiffness nonlinear energy sink attached to a linear system},
  author = {Zheng, Zhiwei and Huang, Xiuchang and Su, Zhiwei and Yang, Yong},
  journal = {Nonlinear Dynamics},
  volume = {111},
  number = {17},
  pages = {15653--15673},
  year = {2023},
  publisher = {Springer},
}

@phdthesis{qiu2018theoretical,
  title = {Theoretical and experimental study of tuned nonlinear energy sink: application to passive vibration control},
  author = {Qiu, Donghai},
  year = {2018},
}

@article{wu2022estimation,
  title = {Estimation of energy pumping time in bistable nonlinear energy sink and experimental validation},
  author = {Wu, Zhenhang and Seguy, S{\'e}bastien and Paredes, Manuel},
  journal = {Journal of Vibration and Acoustics},
  volume = {144},
  number = {5},
  pages = {051004},
  year = {2022},
  publisher = {American Society of Mechanical Engineers},
}

@article{ghaedi2017invited,
  title = {Invited Review: Recent developments in vibration control of building and bridge structures},
  author = {Ghaedi, Khaled and Ibrahim, Zainah and Adeli, Hojjat and Javanmardi, Ahad},
  journal = {Journal of Vibroengineering},
  volume = {19},
  number = {5},
  pages = {3564--3580},
  year = {2017},
  publisher = {JVE International Ltd.},
}

@article{wei2025comparative,
  title = {Comparative Analysis of Seismic--Induced Vibration Response Control in Multi--Inerter--Negative Stiffness Damped Outrigger Systems},
  author = {Wei, Shuaiqiang and Wang, Xinwei and Huang, Chunxin and Wang, Zhihao},
  journal = {Buildings},
  volume = {15},
  number = {3},
  pages = {441},
  year = {2025},
  publisher = {MDPI},
}

@article{fahimi2025seismic,
  title = {Seismic Performance Assessment of Optimal Tandem-Based Tuned Mass Damper Inerters},
  author = {Fahimi Farzam, Maziar and Ajori, Shahram and Hojat Jalali, Himan and Najmeddine, Rim},
  journal = {Buildings},
  volume = {15},
  number = {9},
  pages = {1441},
  year = {2025},
  publisher = {MDPI},
}

@article{jiang2025optimal,
  title = {Optimal design of a novel tuned mass rate-independent damper for structural vibration suppression},
  author = {Jiang, Junqi and Weng, Shun and Luo, Hao and Zhu, Hongping},
  journal = {Meccanica},
  pages = {1--16},
  year = {2025},
  publisher = {Springer},
}

@article{smith2020inerter,
  title = {The inerter: a retrospective},
  author = {Smith, Malcolm C},
  journal = {Annual Review of Control, Robotics, and Autonomous Systems},
  volume = {3},
  number = {1},
  pages = {361--391},
  year = {2020},
  publisher = {Annual Reviews},
}

@article{marian2014optimal,
  title = {Optimal design of a novel tuned mass-damper--inerter (TMDI) passive vibration control configuration for stochastically support-excited structural systems},
  author = {Marian, Laurentiu and Giaralis, Agathoklis},
  journal = {Probabilistic Engineering Mechanics},
  volume = {38},
  pages = {156--164},
  year = {2014},
  publisher = {Elsevier},
}

@article{alotta2021improved,
  title = {Improved inerter-based vibration absorbers},
  author = {Alotta, Gioacchino and Failla, Giuseppe},
  journal = {International Journal of Mechanical Sciences},
  volume = {192},
  pages = {106087},
  year = {2021},
  publisher = {Elsevier},
}

@article{jangid2021optimum,
  title = {Optimum tuned inerter damper for base-isolated structures},
  author = {Jangid, RS},
  journal = {Journal of Vibration Engineering \& Technologies},
  volume = {9},
  number = {7},
  pages = {1483--1497},
  year = {2021},
  publisher = {Springer},
}

@article{wang2019parameters,
  title = {Parameters optimization and performance evaluation for the novel inerter-based dynamic vibration absorbers with negative stiffness},
  author = {Wang, Xiaoran and He, Tian and Shen, Yongjun and Shan, Yingchun and Liu, Xiandong},
  journal = {Journal of sound and Vibration},
  volume = {463},
  pages = {114941},
  year = {2019},
  publisher = {Elsevier},
}

@article{zheng2022energy,
  title = {Energy analysis and optimization of inerter-based systems},
  author = {Zheng, Yi-Lin and Li, Lu-Yu and Zhang, Tian-Jiao},
  journal = {Journal of Vibration and Control},
  volume = {28},
  number = {9-10},
  pages = {985--997},
  year = {2022},
  publisher = {SAGE Publications Sage UK: London, England},
}

@article{su2023analytical,
  title = {Analytical optimal design of inerter-based vibration absorbers with negative stiffness balancing static amplification and dynamic reduction effects},
  author = {Su, Ning and Bian, Jing and Peng, Shitao and Chen, Zhaoqing and Xia, Yi},
  journal = {Mechanical Systems and Signal Processing},
  volume = {192},
  pages = {110235},
  year = {2023},
  publisher = {Elsevier},
}

@article{chowdhury2024critical,
  title = {A critical review on inertially-amplified passive vibration control devices},
  author = {Chowdhury, Sudip and Banerjee, Arnab and Adhikari, Sondipon},
  journal = {Archives of Computational Methods in Engineering},
  volume = {31},
  number = {4},
  pages = {2139--2175},
  year = {2024},
  publisher = {Springer},
}

@book{chen2019inerter,
  title = {Inerter and its application in vibration control systems},
  author = {Chen, Michael ZQ and Hu, Yinlong},
  year = {2019},
  publisher = {Springer},
}

@article{wang2023dual,
  title = {Dual-function quasi-zero-stiffness dynamic vibration absorber: low-frequency vibration mitigation and energy harvesting},
  author = {Wang, Qiang and Zhou, Jiaxi and Wang, Kai and Gao, Jinghang and Lin, Qida and Chang, Yaopeng and Xu, Daolin and Wen, Guilin},
  journal = {Applied Mathematical Modelling},
  volume = {116},
  pages = {636--654},
  year = {2023},
  publisher = {Elsevier},
}

@article{huang2023towards,
  title = {Towards novel energy shunt inspired vibration suppression techniques: principles, designs and applications},
  author = {Huang, Xingbao and Yang, Bintang},
  journal = {Mechanical Systems and Signal Processing},
  volume = {182},
  pages = {109496},
  year = {2023},
  publisher = {Elsevier},
}

@article{hasheminejad2024energy,
  title = {Energy harvesting and inter-floor impact noise control using an optimally tuned hybrid damping system},
  author = {Hasheminejad, Seyyed M and Lissek, Herv{\'e} and Vesal, Rahim},
  journal = {Acta Acustica},
  volume = {8},
  pages = {42},
  year = {2024},
  publisher = {EDP Sciences},
}

@article{yuan2018simultaneous,
  title = {Simultaneous vibration suppression and energy harvesting with a non-traditional vibration absorber},
  author = {Yuan, Miao and Liu, Kefu and Sadhu, Ayan},
  journal = {Journal of Intelligent Material Systems and Structures},
  volume = {29},
  number = {8},
  pages = {1748--1763},
  year = {2018},
  publisher = {SAGE Publications Sage UK: London, England},
}

@article{li2023bi,
  title = {A bi-stable device for simultaneous vibration absorption and energy harvesting using bi-stable piezoelectric composite laminate},
  author = {Li, Ming and Yu, Dong and Li, Yanqi and Liu, Xiaohui and Dai, Fuhong},
  journal = {Composite Structures},
  volume = {314},
  pages = {116971},
  year = {2023},
  publisher = {Elsevier},
}

@article{chang1980structural,
  title = {Structural control using active tuned mass dampers},
  author = {Chang, James CH and Soong, Tsu T},
  journal = {Journal of the Engineering Mechanics Division},
  volume = {106},
  number = {6},
  pages = {1091--1098},
  year = {1980},
  publisher = {American Society of Civil Engineers},
}

@article{soong1991full,
  title = {Full-scale implementation of active control. I: Design and simulation},
  author = {Soong, TT and Reinhorn, AM and Wang, Yen-Po and Lin, RC},
  journal = {Journal of Structural Engineering},
  volume = {117},
  number = {11},
  pages = {3516--3536},
  year = {1991},
  publisher = {American Society of Civil Engineers},
}

@book{yu2016active,
  title = {Active structural control with stable fuzzy PID techniques},
  author = {Yu, Wen and Thenozhi, Suresh},
  year = {2016},
  publisher = {Springer},
}

@article{ulusoy2021metaheuristic,
  title = {Metaheuristic-based structural control methods and comparison of applications},
  journal = {Nature-Inspired Metaheuristic Algorithms for Engineering Optimization Applications},
  pages = {251--276},
  year = {2021},
  publisher = {Springer},
}

@article{casciati2012active,
  title = {Active and semi-active control of structures--theory and applications: A review of recent advances},
  author = {Casciati, Fabio and Rodellar, Jose and Yildirim, Umut},
  journal = {Journal of Intelligent Material Systems and Structures},
  volume = {23},
  number = {11},
  pages = {1181--1195},
  year = {2012},
  publisher = {Sage Publications Sage UK: London, England},
}

@article{morales2015active,
  title = {Active and semi-active strategies to control building structures under large earthquake motion},
  author = {Morales-Beltran, Mauricio and Paul, Joop},
  journal = {Journal of Earthquake Engineering},
  volume = {19},
  number = {7},
  pages = {1086--1111},
  year = {2015},
  publisher = {Taylor \& Francis},
}

@book{christenson2002semiactive,
  title = {Semiactive control of civil structures for natural hazard mitigation: analytical and experimental studies},
  author = {Christenson, Richard Edward},
  year = {2002},
  publisher = {University of Notre Dame},
}

@article{housner1997structural,
  title = {Structural control: past, present, and future},
  author = {Housner, GWea and Bergman, Lawrence A and Caughey, T Kf and Chassiakos, Anastassios G and Claus, Richard O and Masri, Sami F and Skelton, Robert E and Soong, TT and Spencer, BF and Yao, James TP},
  journal = {Journal of engineering mechanics},
  volume = {123},
  number = {9},
  pages = {897--971},
  year = {1997},
  publisher = {American Society of Civil Engineers},
}

@article{chey2007passive,
  title = {Passive and Semi-Active Tuned Mass Damper Building Systems.},
  author = {Chey, Min Ho},
  year = {2007},
  publisher = {University of Canterbury. Civil and Natural Resources Engineering},
}

@article{stanikzai2022recent,
  title = {Recent advances in hybrid vibration-control systems},
  author = {Stanikzai, Mohammad H and Elias, Said and Chae, Yunbyeong},
  journal = {Practice Periodical on Structural Design and Construction},
  volume = {27},
  number = {3},
  pages = {03122003},
  year = {2022},
  publisher = {American Society of Civil Engineers},
}

@article{rahimi2020application,
  title = {Application of tuned mass dampers for structural vibration control: a state-of-the-art review},
  author = {Rahimi, Fatemeh and Aghayari, Reza and Samali, Bijan},
  journal = {Civil Engineering Journal},
  volume = {6},
  number = {8},
  pages = {1622--1651},
  year = {2020},
  publisher = {Ital Publication},
}

@article{chesne2019innovative,
  title = {Innovative hybrid mass damper for dual-loop controller},
  author = {Chesne, Simon and Inquiet{\'e}, G and Cranga, P and Legrand, F and Petitjean, B},
  journal = {Mechanical Systems and Signal Processing},
  volume = {115},
  pages = {514--523},
  year = {2019},
  publisher = {Elsevier},
}

@article{el2013recent,
  title = {Recent advances on vibration control of structures under dynamic loading},
  author = {El-Khoury, Omar and Adeli, Hojjat},
  journal = {Archives of Computational Methods in Engineering},
  volume = {20},
  pages = {353--360},
  year = {2013},
  publisher = {Springer},
}

@article{pastia2013vibration,
  title = {Vibration control of a frame structure using semi-active tuned mass damper},
  author = {Pastia, Cristian and Luca, Septimiu-George},
  journal = {Buletinul Institutului Politehnic din lasi. Sectia Constructii, Arhitectura},
  volume = {59},
  number = {4},
  pages = {31},
  year = {2013},
  publisher = {Gheorghe Asachi Technical Universityi of Jassy},
}

@article{kim2015control,
  title = {Control performance evaluation of semi-active tmd subjected to various types of loads},
  author = {Kim, Hyun-Su and Chang, Chunho and Kang, Joo-Won},
  journal = {International Journal of Steel Structures},
  volume = {15},
  pages = {581--594},
  year = {2015},
  publisher = {Springer},
}

@inproceedings{yan2023seismic,
  title = {Seismic control of cross laminated timber (CLT) structure with shape memory alloy-based semi-active tuned mass damper (SMA-STMD)},
  author = {Yan, Luyue and Li, Yi and Chang, Wen-Shao and Huang, Haoyu},
  booktitle = {Structures},
  volume = {57},
  pages = {105093},
  year = {2023},
}

@article{demetriou2016novel,
  title = {A novel hybrid semi-active mass damper configuration for structural applications},
  author = {Demetriou, Demetris and Nikitas, Nikolaos},
  journal = {Applied Sciences},
  volume = {6},
  number = {12},
  pages = {397},
  year = {2016},
  publisher = {MDPI},
}

@article{liedes2009improving,
  title = {Improving the performance of the semi-active tuned mass damper},
  author = {Liedes, Toni},
  year = {2009},
  publisher = {University of Oulu},
}

@phdthesis{eroglu2013observer,
  title = {Observer based control of an magnetorheological damper},
  author = {Eroglu, Mehmet Ali},
  year = {2013},
}

@article{jenivssemi,
  title = {SEMI-ACTIVELY CONTROLLED SUSPENSION SYSTEM OF RAILWAY VEHICLE},
}

@inproceedings{masa2023review,
  title = {A review on vibration control strategies using magnetorheological materials actuators: Application perspective},
  author = {Masa’id, Aji and Lenggana, Bhre Wangsa and Ubaidillah, U and Susilo, Didik Djoko and Choi, Seung-Bok},
  booktitle = {Actuators},
  volume = {12},
  number = {3},
  pages = {113},
  year = {2023},
}

@phdthesis{peng2011development,
  title = {Development of MR fluid damper for motorcycle steering},
  author = {Peng, GangRou},
  year = {2011},
}

@article{nagarajaiah2005short,
  title = {Short time Fourier transform algorithm for wind response control of buildings with variable stiffness TMD},
  author = {Nagarajaiah, Satish and Varadarajan, Nadathur},
  journal = {Engineering Structures},
  volume = {27},
  number = {3},
  pages = {431--441},
  year = {2005},
  publisher = {Elsevier},
}

@article{nagarajaiah2009adaptive,
  title = {Adaptive passive, semiactive, smart tuned mass dampers: identification and control using empirical mode decomposition, Hilbert transform, and short-term Fourier transform},
  author = {Nagarajaiah, S},
  journal = {Structural Control and Health Monitoring: The Official Journal of the International Association for Structural Control and Monitoring and of the European Association for the Control of Structures},
  volume = {16},
  number = {7-8},
  pages = {800--841},
  year = {2009},
  publisher = {Wiley Online Library},
}

@phdthesis{ali2008semi,
  title = {Semi-active control of earthquake induced vibrations in structures using MR dampers: algorithm development, experimental verification and benchmark applications},
  author = {Ali, Shaikh Faruque},
  year = {2008},
}

@phdthesis{nguyen2018modeling,
  title = {MODELING AND SEMI-ACTIVE VIBRATION CONTROL OF STRUCTURES USING MAGNETORHEOLOGICAL ELASTOMERS},
  author = {Nguyen, Xuan Bao},
  year = {2018},
}

@article{zhang2023seismic,
  title = {Seismic control of adaptive variable stiffness intelligent structures using fuzzy control strategy combined with LSTM},
  author = {Zhang, Han and Wang, Liangkun and Shi, Weixing},
  journal = {Journal of Building Engineering},
  volume = {78},
  pages = {107549},
  year = {2023},
  publisher = {Elsevier},
}

@article{kim2012semi,
  title = {Semi-active fuzzy control of a wind-excited tall building using multi-objective genetic algorithm},
  author = {Kim, Hyun-Su and Kang, Joo-Won},
  journal = {Engineering Structures},
  volume = {41},
  pages = {242--257},
  year = {2012},
  publisher = {Elsevier},
}

@inproceedings{li2006fuzzy,
  title = {Fuzzy Control of Structure for Semi-Active Friction Damper Using GA},
  author = {Li, Hong-Nan and Zhao, Dahai},
  booktitle = {ASME Pressure Vessels and Piping Conference},
  volume = {47594},
  pages = {277--283},
  year = {2006},
}

@article{yamaguchi1993fundamental,
  title = {Fundamental characteristics of multiple tuned mass dampers for suppressing harmonically forced oscillations},
  author = {Yamaguchi, Hiroki and Harnpornchai, Napat},
  journal = {Earthquake engineering \& structural dynamics},
  volume = {22},
  number = {1},
  pages = {51--62},
  year = {1993},
  publisher = {Wiley Online Library},
}

@article{ali2009optimal,
  title = {Optimal fuzzy logic control for MDOF structural systems using evolutionary algorithms},
  author = {Ali, Sk Faruque and Ramaswamy, Ananth},
  journal = {Engineering Applications of Artificial Intelligence},
  volume = {22},
  number = {3},
  pages = {407--419},
  year = {2009},
  publisher = {Elsevier},
}

@article{spencer1997controlling,
  title = {Controlling buildings: a new frontier in feedback},
  author = {Spencer, BF and Sain, Michael K},
  journal = {IEEE Control Systems Magazine},
  volume = {17},
  number = {6},
  pages = {19--35},
  year = {1997},
  publisher = {IEEE},
}

@article{korkmaz2011review,
  title = {A review of active structural control: challenges for engineering informatics},
  author = {Korkmaz, Sinan},
  journal = {Computers \& Structures},
  volume = {89},
  number = {23-24},
  pages = {2113--2132},
  year = {2011},
  publisher = {Elsevier},
}

@inproceedings{chaudhary2021review,
  title = {A review on optimization of design of tuned mass dampers},
  author = {Chaudhary, AS and Nandanwar, YN and Mungale, NG},
  booktitle = {Journal of Physics: Conference Series},
  volume = {1913},
  number = {1},
  pages = {012003},
  year = {2021},
}

@article{ahlawat2002multi,
  title = {Multi-objective optimal design of FLC driven hybrid mass damper for seismically excited structures},
  author = {Ahlawat, AS and Ramaswamy, A},
  journal = {Earthquake engineering \& structural dynamics},
  volume = {31},
  number = {7},
  pages = {1459--1479},
  year = {2002},
  publisher = {Wiley Online Library},
}

@article{mohebbi2013designing,
  title = {Designing optimal multiple tuned mass dampers using genetic algorithms (GAs) for mitigating the seismic response of structures},
  author = {Mohebbi, Mohtasham and Shakeri, Kazem and Ghanbarpour, Yavar and Majzoub, Hossein},
  journal = {Journal of Vibration and Control},
  volume = {19},
  number = {4},
  pages = {605--625},
  year = {2013},
  publisher = {SAGE Publications Sage UK: London, England},
}

@article{colherinhas2019optimal,
  title = {Optimal pendulum tuned mass damper design applied to high towers using genetic algorithms: Two-DOF modeling},
  author = {Colherinhas, Gino B and de Morais, Marcus VG and Shzu, Maura AM and Avila, Suzana M},
  journal = {International Journal of Structural Stability and Dynamics},
  volume = {19},
  number = {10},
  pages = {1950125},
  year = {2019},
  publisher = {World Scientific},
}

@article{lavan2017multi,
  title = {Multi-objective optimal design of tuned mass dampers},
  author = {Lavan, Oren},
  journal = {Structural Control and Health Monitoring},
  volume = {24},
  number = {11},
  pages = {e2008},
  year = {2017},
  publisher = {Wiley Online Library},
}

@article{etedali2018optimum,
  title = {Optimum design of tuned mass dampers using multi-objective cuckoo search for buildings under seismic excitations},
  author = {Etedali, Sadegh and Rakhshani, Hojjat},
  journal = {Alexandria engineering journal},
  volume = {57},
  number = {4},
  pages = {3205--3218},
  year = {2018},
  publisher = {Elsevier},
}

@article{balaji2021applications,
  title = {Applications of nonlinearity in passive vibration control: a review},
  author = {Balaji, Palani Selvaraj and Karthik SelvaKumar, K},
  journal = {Journal of Vibration Engineering \& Technologies},
  volume = {9},
  pages = {183--213},
  year = {2021},
  publisher = {Springer},
}

@article{shami2022particle,
  title = {Particle swarm optimization: A comprehensive survey},
  author = {Shami, Tareq M and El-Saleh, Ayman A and Alswaitti, Mohammed and Al-Tashi, Qasem and Summakieh, Mhd Amen and Mirjalili, Seyedali},
  journal = {Ieee Access},
  volume = {10},
  pages = {10031--10061},
  year = {2022},
  publisher = {IEEE},
}

@article{shamseldin2024ai,
  title = {AI-driven optimization of dynamic vibration absorbers with hydraulic amplifier and mechanical inerter integration},
  author = {Shamseldin, Ahmed and Abido, Mohammad A and Alofi, Abdulrahman},
  journal = {Frontiers in Mechanical Engineering},
  volume = {10},
  pages = {1464692},
  year = {2024},
  publisher = {Frontiers Media SA},
}

@article{borges2013application,
  title = {Application of three bioinspired optimization methods for the design of a nonlinear mechanical system},
  author = {Borges, Romes Antonio and Lobato, Fran S{\'e}rgio and Steffen Jr, Valder},
  journal = {Mathematical Problems in Engineering},
  volume = {2013},
  number = {1},
  pages = {737502},
  year = {2013},
  publisher = {Wiley Online Library},
}

@article{song2022adaptive,
  title = {Adaptive multiswarm particle swarm optimization for tuning the parameter optimization of a three-element dynamic vibration absorber},
  author = {Song, Qing Hui and Xiao, Lin Jing and Song, Qing Jun and Jiang, Hai Yan and Liu, Xiu Jie},
  journal = {Mechanical Sciences},
  volume = {13},
  number = {1},
  pages = {505--517},
  year = {2022},
  publisher = {Copernicus Publications G{\"o}ttingen, Germany},
}

@article{minh2023variable,
  title = {A variable velocity strategy particle swarm optimization algorithm (VVS-PSO) for damage assessment in structures},
  author = {Minh, Hoang-Le and Khatir, Samir and Rao, R Venkata and Abdel Wahab, Magd and Cuong-Le, Thanh},
  journal = {Engineering with Computers},
  volume = {39},
  number = {2},
  pages = {1055--1084},
  year = {2023},
  publisher = {Springer},
}

@article{shehata2022performance,
  title = {Performance enhancement of a tuned mass damper for vibration suppression of an offshore jacket platform utilizing a novel metaheuristic optimization technique},
  author = {Shehata, Mohamed and Abdelnaeem, Mohamed and Mokhiamar, Ossama},
  journal = {Ocean Engineering},
  volume = {263},
  pages = {112359},
  year = {2022},
  publisher = {Elsevier},
}

@phdthesis{salem2018investigation,
  title = {Investigation of a non-linear suspension in a quarter car model},
  author = {Salem, Mahmoud},
  year = {2018},
}

@article{ahmad2022differential,
  title = {Differential evolution: A recent review based on state-of-the-art works},
  author = {Ahmad, Mohamad Faiz and Isa, Nor Ashidi Mat and Lim, Wei Hong and Ang, Koon Meng},
  journal = {Alexandria Engineering Journal},
  volume = {61},
  number = {5},
  pages = {3831--3872},
  year = {2022},
  publisher = {Elsevier},
}

@inproceedings{zhe2019application,
  title = {Application of SA-PSO algorithm in parameter optimization of dynamic vibration absorber},
  author = {Zhe-ming, Chen and Peng, Wang and Jiang-hua, Fu and Bao, Chen},
  booktitle = {IOP Conference Series: Earth and Environmental Science},
  volume = {267},
  number = {4},
  pages = {042174},
  year = {2019},
}

